[gd_scene load_steps=9 format=2]

[ext_resource path="res://assets/wing_down.png" type="Texture" id=1]
[ext_resource path="res://assets/wing_up.png" type="Texture" id=2]
[ext_resource path="res://assets/bird.png" type="Texture" id=3]
[ext_resource path="res://scenes/Bird.gd" type="Script" id=4]

[sub_resource type="Animation" id=1]
length = 0.001
tracks/0/type = "value"
tracks/0/path = NodePath("CollisionPolygon2D/Bird/WingUp:visible")
tracks/0/interp = 1
tracks/0/loop_wrap = true
tracks/0/imported = false
tracks/0/enabled = true
tracks/0/keys = {
"times": PoolRealArray( 0 ),
"transitions": PoolRealArray( 1 ),
"update": 0,
"values": [ true ]
}
tracks/1/type = "value"
tracks/1/path = NodePath("CollisionPolygon2D/Bird/WingDown:visible")
tracks/1/interp = 1
tracks/1/loop_wrap = true
tracks/1/imported = false
tracks/1/enabled = true
tracks/1/keys = {
"times": PoolRealArray( 0 ),
"transitions": PoolRealArray( 1 ),
"update": 0,
"values": [ false ]
}
tracks/2/type = "value"
tracks/2/path = NodePath("CollisionPolygon2D/Bird:scale")
tracks/2/interp = 1
tracks/2/loop_wrap = true
tracks/2/imported = false
tracks/2/enabled = true
tracks/2/keys = {
"times": PoolRealArray( 0 ),
"transitions": PoolRealArray( 1 ),
"update": 0,
"values": [ Vector2( 1, 1 ) ]
}
tracks/3/type = "value"
tracks/3/path = NodePath("CollisionPolygon2D/Bird:rotation_degrees")
tracks/3/interp = 1
tracks/3/loop_wrap = true
tracks/3/imported = false
tracks/3/enabled = true
tracks/3/keys = {
"times": PoolRealArray( 0 ),
"transitions": PoolRealArray( 1 ),
"update": 0,
"values": [ 0.0 ]
}
tracks/4/type = "value"
tracks/4/path = NodePath("CollisionPolygon2D:disabled")
tracks/4/interp = 1
tracks/4/loop_wrap = true
tracks/4/imported = false
tracks/4/enabled = true
tracks/4/keys = {
"times": PoolRealArray( 0 ),
"transitions": PoolRealArray( 1 ),
"update": 0,
"values": [ false ]
}
tracks/5/type = "value"
tracks/5/path = NodePath("CollisionPolygon2D/Bird:position")
tracks/5/interp = 1
tracks/5/loop_wrap = true
tracks/5/imported = false
tracks/5/enabled = true
tracks/5/keys = {
"times": PoolRealArray( 0 ),
"transitions": PoolRealArray( 1 ),
"update": 0,
"values": [ Vector2( 0, 0 ) ]
}

[sub_resource type="Animation" id=2]
resource_name = "flap"
length = 0.1
step = 0.01
tracks/0/type = "value"
tracks/0/path = NodePath("CollisionPolygon2D/Bird/WingDown:visible")
tracks/0/interp = 1
tracks/0/loop_wrap = true
tracks/0/imported = false
tracks/0/enabled = true
tracks/0/keys = {
"times": PoolRealArray( 0, 0.02, 0.07 ),
"transitions": PoolRealArray( 1, 1, 1 ),
"update": 1,
"values": [ false, true, false ]
}
tracks/1/type = "value"
tracks/1/path = NodePath("CollisionPolygon2D/Bird/WingUp:visible")
tracks/1/interp = 1
tracks/1/loop_wrap = true
tracks/1/imported = false
tracks/1/enabled = true
tracks/1/keys = {
"times": PoolRealArray( 0, 0.02, 0.07 ),
"transitions": PoolRealArray( 1, 1, 1 ),
"update": 1,
"values": [ true, false, true ]
}
tracks/2/type = "value"
tracks/2/path = NodePath("CollisionPolygon2D/Bird:scale")
tracks/2/interp = 1
tracks/2/loop_wrap = true
tracks/2/imported = false
tracks/2/enabled = true
tracks/2/keys = {
"times": PoolRealArray( 0, 0.02, 0.07, 0.09 ),
"transitions": PoolRealArray( 1, -2, 1, 1 ),
"update": 0,
"values": [ Vector2( 1, 1 ), Vector2( 1.2, 0.8 ), Vector2( 0.8, 1.2 ), Vector2( 1, 1 ) ]
}

[sub_resource type="Animation" id=4]
resource_name = "game_over"
tracks/0/type = "value"
tracks/0/path = NodePath("CollisionPolygon2D/Bird:rotation_degrees")
tracks/0/interp = 1
tracks/0/loop_wrap = true
tracks/0/imported = false
tracks/0/enabled = true
tracks/0/keys = {
"times": PoolRealArray( 0, 0.1 ),
"transitions": PoolRealArray( 1, 0.5 ),
"update": 0,
"values": [ 0.0, -180.0 ]
}
tracks/1/type = "value"
tracks/1/path = NodePath("CollisionPolygon2D:disabled")
tracks/1/interp = 1
tracks/1/loop_wrap = true
tracks/1/imported = false
tracks/1/enabled = true
tracks/1/keys = {
"times": PoolRealArray( 0 ),
"transitions": PoolRealArray( 1 ),
"update": 1,
"values": [ true ]
}
tracks/2/type = "value"
tracks/2/path = NodePath("CollisionPolygon2D/Bird:position")
tracks/2/interp = 1
tracks/2/loop_wrap = true
tracks/2/imported = false
tracks/2/enabled = true
tracks/2/keys = {
"times": PoolRealArray( 0, 0.1, 0.2, 0.6 ),
"transitions": PoolRealArray( 1, 1, 2, 2 ),
"update": 0,
"values": [ Vector2( 0, 0 ), Vector2( 0, 0 ), Vector2( 0, -30 ), Vector2( 0, 1400 ) ]
}

[sub_resource type="Animation" id=3]
resource_name = "idle"
tracks/0/type = "value"
tracks/0/path = NodePath("CollisionPolygon2D/Bird/WingUp:visible")
tracks/0/interp = 1
tracks/0/loop_wrap = true
tracks/0/imported = false
tracks/0/enabled = true
tracks/0/keys = {
"times": PoolRealArray( 0 ),
"transitions": PoolRealArray( 1 ),
"update": 1,
"values": [ true ]
}
tracks/1/type = "value"
tracks/1/path = NodePath("CollisionPolygon2D/Bird/WingDown:visible")
tracks/1/interp = 1
tracks/1/loop_wrap = true
tracks/1/imported = false
tracks/1/enabled = true
tracks/1/keys = {
"times": PoolRealArray( 0 ),
"transitions": PoolRealArray( 1 ),
"update": 1,
"values": [ false ]
}

[node name="Bird" type="KinematicBody2D" groups=["Bird"]]
script = ExtResource( 4 )

[node name="CollisionPolygon2D" type="CollisionPolygon2D" parent="."]
polygon = PoolVector2Array( 37.5, -32, 57.5, -14.5, 68.5, 5.9, 68.5, 15.1, 60.6, 27.5, 51.1, 32.5, 32.8, 37.5, 26.5, 37.5, -15.5, 39.5, -58.5, 31.2, -67.5, 28.1, -67.5, 21.5, -60.9, 7.5, -38.5, -19.5, -15.1, -34.5, 6.5, -38.2 )

[node name="Bird" type="Sprite" parent="CollisionPolygon2D"]
texture = ExtResource( 3 )

[node name="WingDown" type="Sprite" parent="CollisionPolygon2D/Bird"]
visible = false
position = Vector2( -28, 28 )
texture = ExtResource( 1 )

[node name="WingUp" type="Sprite" parent="CollisionPolygon2D/Bird"]
position = Vector2( -31, -35 )
texture = ExtResource( 2 )

[node name="AnimationPlayer" type="AnimationPlayer" parent="."]
anims/RESET = SubResource( 1 )
anims/flap = SubResource( 2 )
anims/game_over = SubResource( 4 )
anims/idle = SubResource( 3 )

[node name="Tween" type="Tween" parent="."]
